@book{SWIGs2013,
	title={Single World Intervention Graphs (SWIGs):A Unification of the Counterfactual and Graphical Approaches to Causality},
	author={Thomas S. Richardson and James M. Robins},
	series={},
	url={},
	year={2013},
	publisher={}
}

@article{RiskModel,
	author = {Ma, Huijuan and Peng, Limin and Huang, Chiung-Yu and Fu, Haoda},
	title = {Heterogeneous individual risk modelling of recurrent events},
	year = {2021},
	journal = {Biometrika},
	volume = {108},
	number = {1},
	pages = {183 – 198},
	doi = {10.1093/biomet/asaa053},
	type = {Article},
	publication_stage = {Final},
	source = {Scopus},
	note = {Cited by: 1; All Open Access, Green Open Access}
}
@manual{RC21,
    author={Stensrud, Mats J.},
	title={MATH-336 : Randomisation and Causation},	
	series={Ecole Polytechnique de Lausanne},
	year={Course Randomisation and Causation, 2021},
	publisher={}
}

@article{positivity,
	author = {Janvin, Matias and  Ryalen, Pål C. and Sarvet, Aaron L. and Stensrud, Mats J. },
	title = {A positivity robust strategy to study effects of switching treatments based on an early treatment response},
	year = {2022},
	type = {Article},
	publication_stage = {not published yet},
 }


